% Encoding: UTF-8
@book{dean2015handbook,
  title={Handbook of design and analysis of experiments},
  author={Dean, Angela and Morris, Max and Stufken, John and Bingham, Derek},
  volume={7},
  year={2015},
  publisher={CRC Press}
}
@article{busby2009hierarchical,
  title={Hierarchical adaptive experimental design for Gaussian process emulators},
  author={Busby, Daniel},
  journal={Reliability Engineering \& System Safety},
  volume={94},
  number={7},
  pages={1183--1193},
  year={2009},
  publisher={Elsevier}
}
@inproceedings{burnaev2015adaptive,
  title={Adaptive design of experiments based on gaussian processes},
  author={Burnaev, Evgeny and Panov, Maxim},
  booktitle={International Symposium on Statistical Learning and Data Sciences},
  pages={116--125},
  year={2015},
  organization={Springer}
}
@article{hahn2011adaptive,
  title={Adaptive experimental design using the propensity score},
  author={Hahn, Jinyong and Hirano, Keisuke and Karlan, Dean},
  journal={Journal of Business \& Economic Statistics},
  volume={29},
  number={1},
  pages={96--108},
  year={2011},
  publisher={Taylor \& Francis}
}
@article{nakao2016development,
  title={Development of an Adaptive Experimental Design Method Based on Probability of Achieving a Target Range through Parallel Experiments},
  author={Nakao, Atsuyuki and Kaneko, Hiromasa and Funatsu, Kimito},
  journal={Industrial \& Engineering Chemistry Research},
  volume={55},
  number={19},
  pages={5726--5735},
  year={2016},
  publisher={ACS Publications}
}
@article{fu2017adaptive,
  title={An adaptive kriging method for solving nonlinear inverse statistical problems},
  author={Fu, Shuai and Couplet, Mathieu and Bousquet, Nicolas},
  journal={Environmetrics},
  volume={28},
  number={4},
  pages={e2439},
  year={2017},
  publisher={Wiley Online Library}
}

@article{tourangeau2017adaptive,
  title={Adaptive and responsive survey designs: A review and assessment},
  author={Tourangeau, Roger and Michael Brick, J and Lohr, Sharon and Li, Jane},
  journal={Journal of the Royal Statistical Society: Series A (Statistics in Society)},
  volume={180},
  number={1},
  pages={203--223},
  year={2017},
  publisher={Wiley Online Library}
}

@inproceedings{moustapha2015adaptive,
  title={Adaptive Kriging reliability-based design optimization of an automotive body structure under crashworthiness constraints},
  author={Moustapha, Maliki and Sudret, Bruno and Bourinet, Jean-Marc and Guillaume, Beno{\^\i}t},
  booktitle={Proceedings of the 12th International Conference on Applications of Statistics and Probability in Civil Engineering (ICASP12), Vancouver, Canada, July 12-15},
  year={2015},
  organization={University of British Columbia}
}

@article{woodroofe1997corrected,
  title={Corrected confidence sets for sequentially designed experiments},
  author={Woodroofe, Michael and Coad, D Stephen},
  journal={Statistica Sinica},
  volume={7},
  number={1},
  pages={53--74},
  year={1997},
  publisher={C/O DR HC HO, INST STATISTICAL SCIENCE, ACADEMIA SINICA, TAIPEI 115, TAIWAN}
}
@article{gramacy2008adaptive,
  title={Adaptive design of supercomputer experiments},
  author={Gramacy, Robert B and Lee, Herbert KH},
  journal={arXiv preprint arXiv:0805.4359},
  year={2008}
}

@techreport{woodroofe2002adaptive,
  title={The Adaptive Design of Experiments and Markovian Models},
  author={Woodroofe, Michael},
  year={2002},
  institution={MICHIGAN UNIV ANN ARBOR DEPT OF STATISTICS}
}

@article{gramacy2009adaptive,
  title={Adaptive design and analysis of supercomputer experiments},
  author={Gramacy, Robert B and Lee, Herbert KH},
  journal={Technometrics},
  volume={51},
  number={2},
  pages={130--145},
  year={2009},
  publisher={Taylor \& Francis}
}

@Article{Nakao2016,
  author    = {Nakao, Atsuyuki and Kaneko, Hiromasa and Funatsu, Kimito},
  title     = {Development of an Adaptive Experimental Design Method Based on Probability of Achieving a Target Range through Parallel Experiments},
  journal   = {Industrial \& Engineering Chemistry Research},
  year      = {2016},
  volume    = {55},
  number    = {19},
  pages     = {5726--5735},
  publisher = {ACS Publications},
}

@article{aute2013cross,
  title={Cross-validation based single response adaptive design of experiments for Kriging metamodeling of deterministic computer simulations},
  author={Aute, Vikrant and Saleh, Khaled and Abdelaziz, Omar and Azarm, Shapour and Radermacher, Reinhard},
  journal={Structural and Multidisciplinary Optimization},
  volume={48},
  number={3},
  pages={581--605},
  year={2013},
  publisher={Springer}
}

@article{azzimonti2016adaptive,
  title={Adaptive design of experiments for conservative estimation of excursion sets},
  author={Azzimonti, Dario and Ginsbourger, David and Chevalier, Cl{\'e}ment and Bect, Julien and Richet, Yann},
  journal={arXiv preprint arXiv:1611.07256},
  year={2016}
}

@article{blondet2015simulation,
  title={Simulation data management for adaptive design of experiments: A litterature review},
  author={Blondet, Ga{\"e}tan and Le Duigou, Julien and Boudaoud, Nassim and Eynard, Beno{\^\i}t},
  journal={Mechanics \& Industry},
  volume={16},
  number={6},
  pages={611},
  year={2015},
  publisher={EDP Sciences}
}


@article{da2017adaptive,
  title={Adaptive design of experiments for efficient and accurate estimation of aerodynamic loads},
  author={Da Ronch, Andrea and Panzeri, Marco and Abd Bari, M Anas and dÔøΩIppolito, Roberto and Franciolini, Matteo},
  journal={Aircraft Engineering and Aerospace Technology},
  volume={89},
  number={4},
  pages={558--569},
  year={2017},
  publisher={Emerald Publishing Limited}
}

@article{durakovic2017design,
  title={Design of experiments application, concepts, examples: State of the art},
  author={Durakovic, Benjamin},
  journal={Periodicals of Engineering and Natural Sciences},
  volume={5},
  number={3},
  year={2017}
}

@book{montgomery2017design,
  title={Design and analysis of experiments},
  author={Montgomery, Douglas C},
  year={2017},
  publisher={John wiley \& sons}
}

@article{weaver2016computational,
  title={Computational enhancements to Bayesian design of experiments using Gaussian processes},
  author={Weaver, Brian P and Williams, Brian J and Anderson-Cook, Christine M and Higdon, David M and others},
  journal={Bayesian Analysis},
  volume={11},
  number={1},
  pages={191--213},
  year={2016},
  publisher={International Society for Bayesian Analysis}
}
@article{baird2018optimal,
  title={Optimal design of experiments in the presence of interference},
  author={Baird, Sarah and Bohren, J Aislinn and McIntosh, Craig and {\"O}zler, Berk},
  journal={Review of Economics and Statistics},
  volume={100},
  number={5},
  pages={844--860},
  year={2018},
  publisher={MIT Press}
}
@Comment{jabref-meta: databaseType:bibtex;}
