\include{DoE_MH.bib}
\include{FJHown23.bib}
\include{FJHown23.bib}