%% This BibTeX bibliography file was created using BibDesk.
%% http://bibdesk.sourceforge.net/

%% Created for Yuhan Ding at 2019-07-06 15:45:03 -0500 


%% Saved with string encoding Unicode (UTF-8) 




@article{SMT2019,
	Author = {Mohamed Amine Bouhlel and John T. Hwang and Nathalie Bartoli and RÃ©mi Lafage and Joseph Morlier and Joaquim R. R. A. Martins},
	Journal = {Advances in Engineering Software},
	Title = {A Python surrogate modeling framework with derivatives},
	pages = {102662},
	year = {2019},
	issn = {0965-9978},
	doi = {https://doi.org/10.1016/j.advengsoft.2019.03.005},
	Year = {2019}}

